% This file was created with JabRef 2.6.
% Encoding: Cp1252

@ARTICLE{realtimepeoplecount,
  author = {{J. L. Raheja},{ Pallab Jyoti Dutta}},
  title = {An Insight into the Algorithms on Real-Time People  Tracking and Counting System},
  journal = {International Journal of Computer Applications },
  year = {2012},
  volume = {46},
  number = {5}
}

@ARTICLE{buildingoccupancyusingmarkov,
  author = {{Chuang Wang}, {Da Yan}, , {Yi Jiang}},
  title = {A novel approach for building occupancy simulation},
  journal = {BUILD SIMUL },
  year = {2011},
  volume = {4},
  number = {149--167}
}


@ARTICLE{aboutkinect,
  author = {wikipedia},
  title =  {About Kinect},
  url={http://en.wikipedia.org/wiki/Kinect}
}

@ONLINE{buildingdatabook,
title = {Building Energy Data Book{@ONLINE}},
month = jun,
year = {2013},
url = {http://buildingsdatabook.eren.doe.gov/}
}


@ONLINE{buildingdesc,
title = {Building Building Descriptions{@ONLINE}},
month = jun,
year = {2013},
url = {http://buildingsdatabook.eren.doe.gov/Glossary.aspx#Build}
}

@ONLINE{msdn,
title = {MSDN Library{@ONLINE}},
month = jun,
year = {2013},
url = {http://msdn.microsoft.com/en-us/library/}
}

@ARTICLE{tofandkinect,
  author =       {{Victor Castaneda}, {Nassir Navab}},
  title =        {Time-of-Flight and Kinect Imaging},
  year =         {2011},
  source =       {Kinect Programming for Computer Vision},
}

@ARTICLE{stochasticsimulation,
  author =      { {N. M. J. Page}, {D. Robinson and J. L. Scartezzini}},
  title =        {A generalised stochastic model for the simulation of occupant presence },
  year =         {2008},
  volume =       {40},
  pages =        {83--98},
  source =       {Elsevier, Energy and Buildings},
}


@ARTICLE{resolutiondomestic,
  author =      { {M. T. Ian Richardson },{ D. Ineld. }},
  title =        {A high-resolution domestic building occupancy model for energy demand simulations},
  journal =      {Energy and Buildings},
  year =         {2008},
  volume =       {40},
  pages =        {1560--1566},

}


@ARTICLE{integratedapproachestimation,
  author =      { {C. Liao },{ P. Barooah}},
  title =        {An integrated approach to occupancy modeling and estimation in commercial buildings.},
  year =         {2010},
  source =       {American Control Conference},
}

@ARTICLE{Designofintelligentcomfort,
  author =     {  {J. Liang}, { R. Du}},
  title =        {Design of intelligent comfort control system with human learning and minimum power control strategies},
  journal =      {Energy Conversion and Management},
  year =         {2011},
  volume =       {49},
  pages =        {517--528},
}

@ARTICLE{Comfortcontrol,
  author =     {  {M. Fountain},{ G. Brager}, {E. Arens},{ F. Bauman}, { C. Benton}},
  title =        {Comfort control for short-term occupancy},
  journal =      {Energy Build},
  year =         {1994},
  volume =       {21},
  pages =        {1--13},

}

@ARTICLE{adaptiveneuro-fuzzy,
  author =      { {W. Jian},{ C. Wenjian}},
  title =        {Development of an adaptive neuro-fuzzy method for supply air pressure control in HVAC system},
  journal =      {IEEE International Conf. on Systems, Man, and Cybernetics},
  year =         {2000},
  volume =       {5},
  pages =        {3806--3809},
}

@ARTICLE{invertedpendulum,
  author =       {K. P. Arabinda},
  title =        {Development of neuro-fuzzy controller for applications to HVAC system, inverted pendulum and other processes},
  journal =      {Intern. Journ. Computational Cognition},
  year =         {2008},
  volume =       {6},
  pages =        {1--6},
}

@ARTICLE{multi-objectivealgorithm,
  author =      { {M. J. Gacto},{ R. Alcala}, { F. Herrera}},
  title =        {Evolutionary multi-objective algorithm to effectively improve the performance of the classic tuning of fuzzy logic controllers for a heating, ventilating and air conditioning system},
  journal =      {IEEE International Workshop on Genetic and Evolutionary Fuzzy Systems (GEFS)},
  year =         {2011},
  pages =        {73--80},
}


@ARTICLE{Utilizationofintelligentcontrol,
  author =       {{M. Nowak },{ A. Urbaniak}},
  title =        {Utilization of intelligent control algorithms for thermal comfort optimization and energy saving algorithms for thermal comfort optimization and energy saving  },
  journal =      {IEEE Carpathian Control Conf. (ICCC)},
  year =         {2011},
  pages =        {270--274},
}


@ARTICLE{PargfriederJorgl,
  author =       {{J. Pargfrieder},{ H. Jorgl}},
  title =        {An integrated control system for optimizing the energy consumption and user comfort in building},
  journal =      {2 IEEE International Symposium on Computer Aided Control System Design},
  year =         {2002},
  pages =        {127--132},
  source =       {Glasgow, Scotland},
}


@ARTICLE{ClarkeMohtadiTuffs,
  author =       {{D. W. Clarke}, {C. Mohtadi}, { P. S. Tuffs}},
  title =        {Generalized predictive control: Part 1, the basic algorithm, and part 2, extensions and interpretations},
  journal =      {Automatica},
  year =         {1987},
  volume =       {23},
  number =       {2},
  pages =        {137--160},
}


@ARTICLE{SoyguderAlli,
  author =       {{Soyguder} ,{ H. Alli}},
  title =        {An expert system for the humidity and temperature control in HVAC systems using ANFIS and optimization with Fuzzy Modeling Approach},
  journal =      {Energy and Buildings},
  year =         {2009},
  volume =       {41},
  pages =        {814--822},
}

@ARTICLE{WangZhangJing,
  author =       {{J. Wang},{ C. Zhang},{ and Y. Jing}},
  title =        {Fuzzy immune self-tuning PID controlof HVAC system},
  journal =      {IEEE International Conference on Mechatronics and Automation, ICMA},
  year =         {2008},
  pages =        {678--683},
}


@ARTICLE{HongliPeiyongLei,
  author =       {{L. Hongli},{ D. Peiyong} ,{ J. Lei}},
  title =        {A novel fuzzy controller design based-on PID gains for HVAC systems},
  journal =      {World Congress on Intelligent Control and Automation},
  year =         {2008},
  pages =        {736--739},

}


@ARTICLE{EricksonCerpa,
  author =       {{V. Erickson } ,{A. Cerpa}},
  title =        {Occupancy based demand response HVAC control action},
  journal =      {ACM Workshop on Embedded Sensing Systems for Energy Effeciency in Building},
  year =         {2010},
  number =       {2},
  pages =        {7--10},
  month =        {Nov.},
}

@ARTICLE{MamidiChangMaheswaran,
  author =       {{S.Mamidi }, {Y.Chang},{ R. Maheswaran}},
  title =        {Improving building energy efÔ¨Åciency with a network of sensing, learning and prediction agents},
  journal =      {AAMAS},
  year =         {2012},
  source =       {Valencia, Spain},
}

@ARTICLE{EricksonCarreiraPerpinan,
  author =       {{V. Erickson},{ M. Carreira-Perpinan}, { A. Cerpa.}},
  title =        {Observe: Occupancy-based system for efficient reduction of hvac energy},
  journal =      {10th International Conference on Information Processing in Sensor Networks (IPSN)},
  year =         {2011},
  pages =        {258--269},
  month =        {April},
}


@ARTICLE{SPOT,
  author =       {{P. Xiang Gao} ,{S. Keshav}},
  title =        {SPOT: A Smart Personalized Office Thermal Control System},
  journal =      {Proceedings of the fourth international conference on Future energy systems, e-Energy 13 },
  year =         {2013},
  number =       {978-1--4503--2052--8},
  pages =        {237--246 },
  month =        {May},
}


@ARTICLE{BuildingEnvironment,
  author =       {{Varick L.} ,{Erickson et al.}},
  title =        {Energy Efficient Building Environment Control Strategies Using Real-time Occupancy Measurements},
  journal =      {Proceedings of the First ACM Workshop on Embedded Sensing Systems for Energy-Efficiency in Buildings},
  year =         {2009},
  month =        {November},
}


@ARTICLE{ZhengQin,
  author =       {{T. Zheng}, {Y. Qin}, {D. Gao}, {J. Duan}, { H. Zhang}},
  title =        {A practical deployment of Intelligent Building Wireless Sensor Network for environmental monitoring and air-conditioning control},
  journal =      {IEEE InternationalConference on Network Infrastructure and Digital Content},
  year =         {2010},
  number =       {2},
  pages =        {624--628},
  month =        {Sep.},
}

@ARTICLE{KatabiraZhao,
  author =       {{K. Katabira}, {H. Zhao}, {Y. Nakagawa}, { R. Shibasaki}},
  title =        {Real-Time Monitoring of People Flows and Indoor Temperature Distribution for Advanced Air-Conditioning Control},
  journal =      {Proceedings of the 11th International IEEE Conference on Intelligent Transportation Systems},
  year =         {2008},
  pages =        {664--668},
  source =       {Beijing, China},
}

@ARTICLE{Yoshinaga,
  author =       {{Yoshinaga, S.},{ Shimada, A}},
  title =        {Real-time people counting using blob descriptor-Social and Behavioral Sciences},
  journal =      {The 1st International Conference on Security Camera Network, Privacy Protection and Community Safety},
  year =         {2009},
  pages =        {143--152},
}

@ARTICLE{Meyn,
  author =       {{Meyn S.P.},{ A. Surana}, {Y. Lin},{ S. M. Oggianu}, {S.Narayanan} , { T. Frewen}},
  title =        {A sensor-utility-network method for estimation of occupancy distribution in buildings},
  journal =      {Proceedings of the [48.sub.th] IEEE Conference on Decision and Control},
  year =         {2009},
  pages =        {15--18},
  month =        {December},
  source =       {Shanghai, China},
}

@ARTICLE{TinyAgent,
  author =       {{G. Platt}, {J. Wall}, {P. Valencia}, { J. K. Ward}},
  title =        {The Tiny Agent - Wireless Sensor Networks Controlling Energy Resources},
  journal =      {Journal of Networks,},
  year =         {2008},
  volume =       {3},
  number =       {4},
  pages =        {42--50},
  month =        {April},
}

@ARTICLE{SCOPES,
  author =       {{ Kamthe A.}, {Lun J.}, {Matthew D.},{ Alberto C. }},
  title =        {SCOPES: Smart Cameras Object Position Estimation System},
  journal =      {Proceedings of 6th European Conference},
  year =         {2009},
  pages =        {279--295},
  month =        {February},
  source =       {EWSN Cork, Ireland},
}

@ARTICLE{wfill,
  author =       {{Xucong Zhang}, {Junjie Yan}, {Shikun Feng}, {Zhen Lei},{ Dong Yi},{ Stan Z. Li}},
  title =        {Water Filling: Unsupervised People Counting via Vertical Kinect Sensor},
  journal =      {IEEE Ninth International Conference on Advanced Video and Signal-Based Surveillance},
  year =         {2012},
}


@ONLINE{mm,
title = {Markov Chain Model{@ONLINE}},
month = jun,
year = {2013},
url = {http://en.wikipedia.org/wiki/Markov_chain}


@ONLINE{openkinect,
title = {OpenKinect{@ONLINE}},
month = jun,
year = {2013},
url = {http://openkinect.org/wiki/Main_Page}

@ONLINE{openni,
title = {Openni{@ONLINE}},
month = jun,
year = {2013},
url = {http://www.openni.org/}

@ONLINE{RGBD,
title = {RGBD{@ONLINE}},
month = jun,
year = {2013},
url = {http://www.cs.washington.edu/rgbd-dataset/}


@ONLINE{rgbdemo,
title = {RGB-DEMO{@ONLINE}},
month = jun,
year = {2013},
url = {http://labs.manctl.com/rgbdemo}

@ONLINE{huovila2009buildings,
  title = {Buildings and Climate Change: Summary for Decision-makers},
  author = {Huovila, P. and United Nations Environment Programme. Sustainable Consumption and Production Branch},
  year = {2009},
  publisher={United Nations Environment Programme, Sustainable Consumption and Production Branch}
  url = {http://books.google.ae/books?id=VkAZygAACAAJ},
}


@BOOK{fnd,
  author =       {Robert McDowall},
  editor =       {American Society of Heating, Refrigerating and Air-Conditioning Engineers Inc. and Elsevier Inc Published by Elsevier },
  title =        {Fundamentals of HVAC Systems}
  publisher =    {American Society of Heating, Refrigerating and Air-Conditioning Engineers Inc.},
  year =         {2006}
}


