%%% Months
@string{JAN = "January"}
@string{FEB = "February"}
@string{MAR = "March"}
@string{APR = "April"}
@string{MAY = "May"}
@string{JUN = "June"}
@string{JUL = "July"}
@string{AUG = "August"}
@string{SEP = "September"}
@string{OCT = "October"}
@string{NOV = "November"}
@string{DEC = "December"}

%%% Journals
@string{PIEEE = "Proc. the IEEE"}
@string{IEEEJSAC = "IEEE J. Selected Areas in Communications"}
@string{IEEETN = "IEEE/ACM Trans. Networking"}
@string{IEEERel = "IEEE Trans. Reliability"}
@string{IEEETCOM = "IEEE Trans. Communications"}
@string{IEEETMOBI = "IEEE Trans. Mobile Computing"}
@string{IEEETIT = "IEEE Trans. Information Theory"}
@string{INTERNETWORK = "Journal of Internetworking Research and Experience"}
@string{IJDACS = "International Journal on Digital and Analog Communication Systems"}
@string{IJCS = "International Journal on Communication Systems"}
@string{ACMTCS = "ACM Trans. Computer Systems"}
@string{ACMSen = "ACM Trans. Sensor Networks"}
@string{JACM = "J. of the ACM"}
@string{CC = "Computer Communications"}
@string{IPJ = "Internet Protocol Journal"}

%%% Magazines
@string{CACM = "Communications of the ACM"}
@string{COMPUTER = "IEEE Computer Magazine"}
@string{IEEECOM = "IEEE Communication Magazine"}
@string{IEEENET = "IEEE Network Magazine"}
@string{CCR = "ACM Computer Communication Review"}

%%% Conferences
@string{MOBICOM = "Proc. ACM MobiCom"}
@string{MOBIHOC = "Proc. ACM MobiHoc"}
@string{INFOCOM = "Proc. IEEE INFOCOM"}
@string{GLOBECOM = "Proc. IEEE GLOBECOM"}
@string{GINET = "Proc. IEEE Global Internet Symposium"}
@string{SIGCOMM = "Proc. ACM SIGCOMM"}
@string{IC3N = "Proc. IEEE IC3N"}
@string{SIGMETRICS = "Proc. ACM SIGMETRICS"}
@string{ICNP = "Proc. Inter. Conf. on Network Protocols"}
@string{ICC = "Proc. Inter. Conf. on Communications"}
@string{FTCS = "Proc. Fault-Tolerant Computing Symposium"}
@string{INET = "Proc. INET"}

%%% Publishers
@string{AW="Addison-Wesley"}
@string{CP="Cisco Press"}
@string{PH="Prentice Hall"}
@string{OR="O'Reilly"}

%%% Standards
@string{IETF = "IETF"}
@string{RFC = "RFC"}
%%%%%%%%%%%%%%%%%%%%%%%%%%%%%%%%%%

@article{chowdhury2003reliability,
  title={Reliability modeling of distributed generation in conventional distribution systems planning and analysis},
  author={Chowdhury, A. and Agarwal, S. and Koval, D.},
  journal={IEEE Trans. Industry Applications},
  volume={39},
  number={5},
  pages={1493--1498},
  year={2003},
  publisher={IEEE}
}

@book{vuorinen2007planning,
  title={Planning of optimal power systems},
  author={Vuorinen, A.},
  year={2007},
  publisher={Ekoenergo Oy}
}

@inproceedings{barnes2007real,
  title={Real-world microgrids-an overview},
  author={Barnes, M. and Kondoh, J. and Asano, H. and Oyarzabal, J. and Ventakaramanan, G. and Lasseter, R. and Hatziargyriou, N. and Green, T.},
  booktitle={Proc. IEEE SoSE},
  year={2007}
}

@book{huovila2009buildings,
  title={Buildings and Climate Change: Summary for Decision-makers},
  author={Huovila, P. and United Nations Environment Programme. Sustainable Consumption and Production Branch},
  url={http://books.google.ae/books?id=VkAZygAACAAJ},
  year={2009},
  publisher={United Nations Environment Programme, Sustainable Consumption and Production Branch}
}

@inproceedings{Erickson:2009,
 author = {Erickson, Varick L. and Lin, Yiqing and Kamthe, Ankur and Brahme, Rohini and Surana, Amit and Cerpa, Alberto E. and Sohn, Michael D. and Narayanan, Satish},
 title = {Energy efficient building environment control strategies using real-time occupancy measurements},
 booktitle = {Proceedings of the First ACM Workshop on Embedded Sensing Systems for Energy-Efficiency in Buildings},
 series = {BuildSys '09},
 year = {2009},
 isbn = {978-1-60558-824-7},
 location = {Berkeley, California},
 pages = {19--24},
 numpages = {6},
 url = {http://doi.acm.org/10.1145/1810279.1810284},
 doi = {10.1145/1810279.1810284},
 acmid = {1810284},
 publisher = {ACM},
 address = {New York, NY, USA},}
} 

@article{Albers:1999,
 author = {Albers, Susanne and Leonardi, Stefano},
 title = {On-line algorithms},
 journal = {ACM Comput. Surv.},
 issue_date = {Sept. 1999},
 volume = {31},
 number = {3es},
 month = sep,
 year = {1999},
 issn = {0360-0300},
 articleno = {4},
 url = {http://doi.acm.org/10.1145/333580.333583},
 doi = {10.1145/333580.333583},
 acmid = {333583},
 publisher = {ACM},
 address = {New York, NY, USA},}
} 

@book{fiat1996line,
  title={On-line Algorithms: 24.06. - 28.06.96 (9626); [Dagstuhl Seminar on On-line Algorithms]},
  author={Fiat, A. and Internationales Begegnungs- und Forschungszentrum f{\"u}r Informatik Dagstuhl and Seminar on On-line Algorithms. 1996, Dagstuhl},
  series={Dagstuhl-Seminar-Report},
  url={http://books.google.ae/books?id=xkz2uAAACAAJ},
  year={1996},
  publisher={Gesch{\"a}ftsstelle Schloss Dagstuhl, Univ. des Saarlandes}
}


@article{Sleator:1985,
 author = {Sleator, Daniel D. and Tarjan, Robert E.},
 title = {Amortized efficiency of list update and paging rules},
 journal = {Commun. ACM},
 issue_date = {Feb. 1985},
 volume = {28},
 number = {2},
 month = feb,
 year = {1985},
 issn = {0001-0782},
 pages = {202--208},
 numpages = {7},
 url = {http://doi.acm.org/10.1145/2786.2793},
 doi = {10.1145/2786.2793},
 acmid = {2793},
 publisher = {ACM},
 address = {New York, NY, USA},}
} 


@INPROCEEDINGS{Dooly98tcpdynamic,
    author = {Daniel Dooly and Sally A. Goldman and Stephen D. Scott},
    title = {TCP Dynamic Acknowledgment Delay: Theory and Practice},
    booktitle = {In Proceedings of the Thirtieth Annual ACM Symposium on Theory of Computing},
    year = {1998},
    pages = {389--398},
    publisher = {ACM Press}
}

@INPROCEEDINGS{Karlin01dynamictcp,
    author = {Anna R. Karlin and Claire Kenyon and Dana Randall},
    title = {Dynamic TCP acknowledgement and other stories about e/(e-1},
    booktitle = {Algorithmica},
    year = {2001},
    pages = {502--509},
    publisher = {Press}
}

@MISC{N_amatlab-based,
    author = {Mendes N and Oliveira G H C and Araújo H X and Coelho L S},
    title = {A MATLAB-BASED SIMULATION TOOL FOR BUILDING THERMAL PERFORMANCE ANALYSIS},
    year = {2003}
}

@MISC{Therm_Model_Present:2009,
    author = {Karla Vega},
    title = {Thermal Modeling for Buildings PERFORMANCE ANALYSIS},
    year = {2009},
    url = {http://doi.acm.org/10.1145/2786.2793}
}

@MISC{Therm_Model_Ref,
    author = {Bartkevičs D.},
    title = {Power and Control Aspects in Integrated Building Management Systems with Event-Based Control},
    pages = {15-19},
    year = {2011},
    url = {https://ortus.rtu.lv/science/en/publications/11749/fulltext.pdf},
    publisher = {7th International Conference-Workshop "Compatibility and Power Electronics", Estonia, Tallinn}, 
}

@incollection{bouabdallah:hal,
    hal_id = {hal-00767751},
    url = {http://hal.inria.fr/hal-00767751},
    title = {{Energy Efficient Transmission Techniques in Continuous-Monitoring and Event-Detection Wireless Sensor Networks}},
    author = {Bouabdallah, Nizar and Sericola, Bruno and Moad, Sofiane and Rivero-Angeles, Mario, E.},
    language = {English},
    affiliation = {DIONYSOS - INRIA - IRISA , UPIITA-IPN [Mexico]},
    booktitle = {{Sustainable Wireless Sensor Networks}},
    publisher = {Intech},
    pages = {97-124},
    editor = {Winston Seah and Yen Kheng Tan },
    audience = {international },
    isbn = {978-953-307-297-5 },
    year = {2010},
}


@INPROCEEDINGS{5531215, 
author={Bin Li and Alleyne, A.G.}, 
booktitle={American Control Conference (ACC), 2010}, title={Optimal on-off control of an air conditioning and refrigeration system}, 
year={2010}, 
month={30 2010-july 2}, 
volume={}, 
number={}, 
pages={5892 -5897}, 
keywords={Air conditioning;Control systems;Cost function;Energy consumption;Feedback loop;Frequency;Optimal control;Power system relaying;Refrigeration;Temperature control;air conditioning;compressors;feedback;on-off control;optimal control;power system control;refrigeration;relay control;temperature control;air conditioning;component wear reduction;compressor on-off cycling frequency;fuel consumption saving;generic cost function;optimal compressor on-off control algorithm;power consumption;refrigeration system;relay feedback loop;temperature regulation;}, 
doi={}, 
ISSN={0743-1619},}
}

@INPROCEEDINGS{4618519, 
author={Le, K. and Tran-Quoc, T. and Sabonnadiere, J.C. and Kieny, C. and Hadjsaid, N.}, 
booktitle={Electrotechnical Conference, 2008. MELECON 2008. The 14th IEEE Mediterranean}, title={Peak load reduction by using air-conditioning regulators}, 
year={2008}, 
month={may}, 
volume={}, 
number={}, 
pages={713 -718}, 
keywords={AC motors;Adaptive control;Air conditioning;Communication system control;Energy management;Load flow control;Radio control;Regulators;Temperature;Thermostats;adaptive control;air conditioning;power consumption;thermostats;adaptive control;air-conditioning regulators;direct load control;distribution network;peak consumption;peak load reduction;variable temperature set-point;}, 
doi={10.1109/MELCON.2008.4618519}, 
ISSN={},}
}

@article{Liang2008517,
title = "Design of intelligent comfort control system with human learning and minimum power control strategies",
journal = "Energy Conversion and Management",
volume = "49",
number = "4",
pages = "517 - 528",
year = "2008",
note = "",
issn = "0196-8904",
doi = "10.1016/j.enconman.2007.08.006",
url = "http://www.sciencedirect.com/science/article/pii/S0196890407002889",
author = "J. Liang and R. Du",
keywords = "HVAC system",
keywords = "Thermal comfort control",
keywords = "Human learning",
keywords = "Minimum power control",
keywords = "Neural network control"
}
}

@INPROCEEDINGS{6281687, 
author={Rui Yang and Lingfeng Wang}, 
booktitle={Transmission and Distribution Conference and Exposition (T D), 2012 IEEE PES}, title={Optimal control strategy for HVAC system in building energy management}, 
year={2012}, 
month={may}, 
volume={}, 
number={}, 
pages={1 -8}, 
keywords={Atmospheric modeling;Buildings;Energy consumption;Energy management;Space heating;Ventilation;HVAC;building management systems;energy management systems;humidity control;indoor environment;optimal control;HVAC equipment;HVAC system;building comfort management;building energy management;building indoor environment maintaining;comfortable humidity level;comfortable temperature;constant temperature;energy dispatch;energy efficiency;filtered air;fresh air;heating ventilating and air conditioning;optimal control strategy;real time control process;swarm intelligence;Building energy management;Energy-efficient buildings;HVAC system;Multi-objective problems;Particle swarm optimization;}, 
doi={10.1109/TDC.2012.6281687}, 
ISSN={2160-8555},}
}

@article{Alcala:2003,
 author = {Alcal\'{a}, Rafael and Ben\'{\i}tez, Jose M. and Casillas, Jorge and Cord\'{o}n, Oscar and P{\'e}rez, Ra\'{u}l},
 title = {Fuzzy Control of HVAC Systems Optimized by Genetic Algorithms},
 journal = {Applied Intelligence},
 issue_date = {March-April 2003},
 volume = {18},
 number = {2},
 month = mar,
 year = {2003},
 issn = {0924-669X},
 pages = {155--177},
 numpages = {23},
 url = {http://dx.doi.org/10.1023/A:1021986309149},
 doi = {10.1023/A:1021986309149},
 acmid = {608405},
 publisher = {Kluwer Academic Publishers},
 address = {Hingham, MA, USA},
 keywords = {HVAC systems, fuzzy logic controllers, genetic tuning, multiple criteria},
} 
}
}

@INPROCEEDINGS{5945862, 
author={Nowak, M. and Urbaniak, A.}, 
booktitle={Carpathian Control Conference (ICCC), 2011 12th International}, title={Utilization of intelligent control algorithms for thermal comfort optimization and energy saving}, 
year={2011}, 
month={may}, 
volume={}, 
number={}, 
pages={270 -274}, 
keywords={Atmospheric modeling;Indexes;Mathematical model;Optimization;Prediction algorithms;Predictive models;Process control;HVAC;fuzzy control;intelligent control;minimisation;optimal control;predictive control;HVAC;climate comfort control system;energy consumption minimization;energy saving;fuzzy control algorithm;heating-ventilation-and-air conditioning system;indoor thermal comfort;intelligent control algorithm;model predictive control algorithm;optimal control;thermal comfort optimization;HVAC system;energy saving;intelligent control;model predictive control;thermal comfort;}, 
doi={10.1109/CarpathianCC.2011.5945862}, 
ISSN={},}
}

@INPROCEEDINGS{4732698, 
author={Katabira, K. and Huijing Zhao and Nakagawa, Y. and Shibasaki, R.}, 
booktitle={Intelligent Transportation Systems, 2008. ITSC 2008. 11th International IEEE Conference on}, title={Real-Time Monitoring of People Flows and Indoor Temperature Distribution for Advanced Air-Conditioning Control}, 
year={2008}, 
month={oct.}, 
volume={}, 
number={}, 
pages={664 -668}, 
keywords={Control systems;Monitoring;Optical control;Rail transportation;Space technology;Target tracking;Temperature control;Temperature distribution;Temperature sensors;Wireless sensor networks;air conditioning;laser ranging;real-time systems;target tracking;temperature control;temperature distribution;ventilation;wind;wireless sensor networks;air-conditioning control;indoor temperature distribution;laser range scanner;networked temperature sensor;people flows;people tracking;real-time monitoring;temperature monitoring;ventilation;wind direction;wireless sensor network;}, 
doi={10.1109/ITSC.2008.4732698}, 
ISSN={},}
}


@INPROCEEDINGS{4460329, 
author={Tachwali, Y. and Refai, H. and Fagan, J.E.}, 
booktitle={Industrial Electronics Society, 2007. IECON 2007. 33rd Annual Conference of the IEEE}, title={Minimizing HVAC Energy Consumption Using a Wireless Sensor Network}, 
year={2007}, 
month={nov.}, 
volume={}, 
number={}, 
pages={439 -444}, 
keywords={Adaptive control;Computer networks;Control systems;Cost function;Energy consumption;Energy management;Power engineering and energy;Programmable control;Temperature control;Wireless sensor networks;HVAC;control system synthesis;wireless sensor networks;HVAC control systems;HVAC energy consumption;heat ventilating and air conditioning systems;power consumption;wireless sensor network technology;}, 
doi={10.1109/IECON.2007.4460329}, 
ISSN={1553-572X},}
}

@article{ota:43,
author = {Nathan Ota and Ed Arens and Paul Wright},
collaboration = {},
title = {Energy Efficient Residential Thermal Control With Wireless Sensor Networks: A Case Study for Air Conditioning in California},
publisher = {ASME},
year = {2008},
journal = {ASME Conference Proceedings},
volume = {2008},
number = {48692},
pages = {43-52},
url = {http://link.aip.org/link/abstract/ASMECP/v2008/i48692/p43/s1},
doi = {10.1115/IMECE2008-67563}
}


@ARTICLE{sidchau, 
author={Chi-Kin Chau and Fei Qin and Sayed, S. and Wahab, M.H. and Yang Yang}, 
journal={Selected Areas in Communications, IEEE Journal on}, title={Harnessing battery recovery effect in wireless sensor networks: Experiments and analysis}, 
year={2010}, 
month={september }, 
volume={28}, 
number={7}, 
pages={1222 -1232}, 
keywords={Batteries;Chemicals;Markov processes;Radio transceivers;Runtime;Schedules;Sensors;battery management systems;wireless sensor networks;battery recovery effect;battery saturation threshold;buffering;duty cycling;energy optimisation;wireless sensor networks:;Battery Recovery Effect;Duty Cycle;Energy Optimisation;Wireless Sensor Networks;}, 
doi={10.1109/JSAC.2010.100926}, 
ISSN={0733-8716},}

@ARTICLE{5985456, 
author={Aswani, A. and Master, N. and Taneja, J. and Culler, D. and Tomlin, C.}, 
journal={Proceedings of the IEEE}, title={Reducing Transient and Steady State Electricity Consumption in HVAC Using Learning-Based Model-Predictive Control}, 
year={2012}, 
month={jan. }, 
volume={100}, 
number={1}, 
pages={240 -253}, 
keywords={Air conditioning;Cyberspace;Energy consumption;Energy efficiency;Heat pumps;Learning systems;Network topology;Predictive control;Steady-state;Temperature control;Transient analysis;Ventilation;HVAC;building management systems;energy conservation;heat pumps;learning (artificial intelligence);power consumption;predictive control;statistical analysis;temperature control;temperature sensors;AC energy consumption;BRITE;HVAC;energy savings;heat pump;heating, ventilation, and air conditioning;homes;learning;mathematical model;model predictive control;offices;retrofitting;room temperature control;statistical methods;temperature dynamics;temperature sensor;Air conditioning (AC);building automation;energy efficiency;learning;model-predictive control (MPC);}, 
doi={10.1109/JPROC.2011.2161242}, 
ISSN={0018-9219},}