@inproceedings{Goemans,
  author = {Goemans, Michel X. and Williamson, David P.},
  title = {A general approximation technique for constrained forest problems},
  booktitle = {Proceedings of the third annual ACM-SIAM symposium on Discrete algorithms},
  series = {SODA '92},
  year = {1992},
  isbn = {0-89791-466-X},
  location = {Orlando, Florida, USA},
  pages = {307--316},
  numpages = {10},
  url = {http://dl.acm.org/citation.cfm?id=139404.139468},
  acmid = {139468},
  publisher = {Society for Industrial and Applied Mathematics},
  address = {Philadelphia, PA, USA},
} 

@book{strang2006linear,
  title={Linear algebra and its applications},
  author={Strang, G.},
  isbn={9780030105678},
  lccn={2005923623},
  url={http://books.google.ae/books?id=8QVdcRJyL2oC},
  year={2006},
  publisher={Thomson Brooks/Cole Cengage learning}
}

@article{dooly,
 author = {Dooly, Daniel R. and Goldman, Sally A. and Scott, Stephen D.},
 title = {On-line analysis of the TCP acknowledgment delay problem},
 journal = {J. ACM},
 issue_date = {March 2001},
 volume = {48},
 number = {2},
 month = mar,
 year = {2001},
 issn = {0004-5411},
 pages = {243--273},
 numpages = {31},
 url = {http://doi.acm.org/10.1145/375827.375843},
 doi = {10.1145/375827.375843},
 acmid = {375843},
 publisher = {ACM},
 address = {New York, NY, USA},
 keywords = {Internet traffic simulations, Transmission Control Protocol (TCP), acknowledgment delay problem, competitive analysis, lookahead},
} 
